


@book{Atkinson93,
author={Atkinson, R. L. and Atkinson, R. C. and Smith, E. E. and Bem, D. J. and
Nolen--Hoeksema, S.},
year=1993,
title={Introduction to Psychology.},
location={Orlando},
publisher={Harcourt Brace College Publishers}}

@unpublished{Bagozzi95,
author={Bagozzi, R. P.},
year={1995}, 
title={The Effects of Arousal on the Organisation of
Positive and Negative Affect and Cognitions: Application to Attitude
Theory.}, 
location={University of Michigan}}

@book{baron94,
author={Baron, J.},
year=1994,
title={Thinking and Deciding},
location={Cambridge},
publisher={Cambridge University Press}}

@thesis{Benson93,
author={Benson III, L.},
year=1993,
title={Studies in Human Decision Making: On the
Effects of Experimental Instructions, Framing and Time
Constraints},
type={Phd thesis}, 
location={Lund},
institution={Lund University}}

@article{dwivedi90,
author={Dwivedi, C. B.},
year=1990,
title={Reward--Induced Arousal Differences in
Retention},
journaltitle={Person. Individ. Diff.},
volume=11, 
pages={685--691}}

@article{Easterbrook59,
author={Easterbrook, J. A.},
year=1959,
title={The Effect of Emotion on Cue Utilisation
and the Organisation of Behaviour},
journaltitle={Psychological Review},
volume=66,
pages={183--201}}

@article{ElliotDevine94,
author={Elliot, A. J. and Devine, P. G.},
year=1994,
title={On the Motivational Nature of
Cognitive Dissonance: Dissonance as Psychological Discomfort},
journaltitle={Journal of Personality and Social Psychology}, 
volume=67,
pages={382--394}}

@book{festinger64,
author={Festinger, L.},
year=1964,
title={Conflict, Decision and Dissonance},
location={Stanford, CA},
publisher={Stanford University Press}}

@book{lewin51,
author={Lewin, K.},
year=1951,
title={Field theory in social science; selected theoretical papers},
editor={D. Cartwright},
location={New York},
publisher={Harper \& Row}}

@book{FiskeTaylor91,
author={Fiske, S. T. and Taylor, S. E.},
year=1991,
title={Social Cognition},
location={Singapore},
publisher={McGraw--Hill, Inc.}}

@book{Berlyne60,
author={Berlyne, D.E.},
year=1960,
title={Conflict, arousal, and curiosity},
location={New York},
publisher={McGraw--Hill}}

@article{Berlyne67,
author={Berlyne, D. E.},
title={Arousal and reinforcement},
journaltitle={Nebraska Symposium on Motivation},
year=1967,
volume=15,
pages={1--110}}

@book{Izard77,
author={Izard, C. E.},
year=1977,
title={Human Emotions},
ocation={New York},
publisher={Plenum Press}}

@book{JanisMann77,
author={Janis, I. L. and Mann, L.},
year=1977,
title={Decision Making},
location={New York},
publisher={The Free Press}}

@article{LewinsohnMano93,
author={Lewinsohn, S. and Mano, H.},
year=1993,
title={Multi--attribute Choice and Affect:
The Influence of Naturally Occurring and Manipulated Moods on Choice
Processes},
journaltitle={Journal of Behavioural Decision Making}, 
volume=6,
pages={33--51}}

@article{Mano94,
author={Mano, H.},
year=1994,
title={Risk--taking, Framing Effects, and Affect},
journaltitle={Organisational Behaviour and Human Decision Processes}, 
volume=57,
pages={38--58}}

@article{Polivy81,
author={Polivy, J.},
year=1981,
title={On the Induction of emotion in the Laboratory:
Discrete Moods or Multiple Affect States?},
journaltitle={Journal of Personality and
Social Psychology}, 
volume=41, 
pages={803--817}}

@article{Russel78,
author={Russel, J. A.},
year=1978,
title={Evidence of Convergent Validity on the Dimensions of Affect},
journaltitle={Journal of Personality and Social Psychology},
volume=36,
pages={1152--1168}}

@unpublished{Salo96,
author={Salo, I.},
year=1996,
title={Manipulated Positive and Negative Mood Affecting Post
Decision Processes},
location={Department of Psychology, Lund University, Sweden}}

@article{SchachterSinger62,
title={Cognitive, social, and physiological determinants of emotional state}, 
author={Schachter, S. and Singer, J.--E.},
journaltitle={Psychological Review}, 
year=1962,
volume=69,
pages={379--99}
%LANGUAGE: English
%VERLAG: American Psychological Assoc. ERSCHEINUNGSORT: Washington D.C.
%THEMA: Emotionen [Kapitel 23]}
}


@article{SchedlowskiTewes92,
author={Schedlowski, M. and Tewes, U.},
year=1992,
title={Physiological Arousal and
Perception of Bodily State During Parachute Jumping},
journaltitle={Psychopatology},
volume=29,
pages={95--103}}

@unpublished{StoneKadous94,
author={Stone, D. N. and Kadous, K.},
year=1994,
title={The Joint Effects of Arousal and
Task Difficulty in Multiattribute Choice},
location={Department of Accountancy, University of Illinois, IL.}}

@article{SvenssonEdland87,
author={Svensson, O. and Edland, A.},
year=1987,
title={Change of Preferences under Time
Pressure: Choices and Judgements},
journaltitle={Scandinavian Journal of Psychology},
volume=28,
pages={322--330}}

@article{svensson92a,
author={Svensson, O. and Benthorn, L. J.},
year=1992,
title={Consolidation Processes in Decision Making: Post Decision Changes in Attractiveness of Alternatives},
journaltitle={Journal of Economic Psychology}, 
volume=13, 
pages={1--13}}

@article{svensson92b,
author={Svensson, O.},
year=1992,
title={Differentiation and Consolidation Theory of Human
Decision Making: A Frame of Reference for the Study of Pre-- and Post
Decision Processes},
journaltitle={Acta Psychologica},
volume=80, 
pages={143--168}}

@article{SvenssonMalmsten95,
author={Svensson, O. and Malmsten, N.},
year=1995,
title={Post--decision Consolidation over Time as a Function of Gain or Loss of an Alternative},
journaltitle={Scandinavian Journal of Psychology}, 
volume=36,
pages={1--10}}

@article{Svensson95,
author={Svensson, O.},
year=1995,
title={Decision Making and the Search for Fundamental
Psychological Regularities: What can be Learned from a Process
Perspective?},
journaltitle={Organisational Behaviour and Human Decision Processes}}


@unpublished{Svensson96,
author={Svensson, O.},
year=1996,
title={Differentiation and Consolidation in Human Decision Making: On Pre and Post Decision Processes},
location={Stockholm}}

@article{WatsonTellegen85,
author={Watson, D.. and Tellegen. A.},
year=1985,
title={Toward a consensual structure of mood},
journaltitle={Psychological Bulletin},
volume=98,
pages={219--235}}

@article{Weyant78,
author={Weyant, J. M.},
year=1978,
title={Effects of Mood States, Costs and Benefits on Helping},
journaltitle={Journal of Personality and Social Psychology},
volume=36, 
pages={1169--1176}}
